<?xml version="1.0" encoding="UTF-8"?><collection xmlns="http://www.loc.gov/MARC21/slim"><record><leader>00441nam--2200145-i-4500</leader><controlfield tag="001">000006485</controlfield><controlfield tag="002">20161230</controlfield><controlfield tag="005">20170114215010</controlfield><controlfield tag="008">060222s1000------------r-----000-0-eng-d</controlfield><datafield ind1=" " ind2=" " tag="100"><subfield code="a">Chabert, Andre</subfield></datafield><datafield ind1=" " ind2=" " tag="245"><subfield code="a">Etude analogique du bruit dans un synchrotron a protons. These presentee a la faculte dessci ennces de lyon.</subfield></datafield><datafield ind1=" " ind2=" " tag="260"><subfield code="a">Lyon</subfield><subfield code="b">Faculte Des Sciences</subfield><subfield code="c">1959</subfield></datafield><datafield ind1=" " ind2=" " tag="300"><subfield code="a">92 p.+ 30 p</subfield></datafield><datafield ind1=" " ind2=" " tag="852"><subfield code="a">6421</subfield></datafield><datafield ind1=" " ind2=" " tag="CAT"><subfield code="a">SYS</subfield><subfield code="c">20170114</subfield><subfield code="h">215010</subfield></datafield></record></collection>